%%% articles
@inproceedings{de2016evolving,
  title={Evolving a generalized strategy for an action-platformer video game framework},
  author={de Araujo, Karine da Silva Miras and de Franca, Fabr{\'\i}cio Olivetti},
  booktitle={2016 IEEE Congress on Evolutionary Computation (CEC)},
  pages={1303--1310},
  year={2016},
  organization={IEEE}
}

@article{lucas2006evolutionary,
  title={Evolutionary computation and games},
  author={Lucas, Simon M and Kendall, Graham},
  journal={IEEE Computational Intelligence Magazine},
  volume={1},
  number={1},
  pages={10--18},
  year={2006},
  publisher={IEEE}
}

@article{de2016electronic,
  title={An electronic-game framework for evaluating coevolutionary algorithms},
  author={de Ara{\'u}jo, Karine da Silva Miras and de Fran{\c{c}}a, Fabr{\'\i}cio Olivetti},
  journal={arXiv preprint arXiv:1604.00644},
  year={2016}
}

@inproceedings{perez2011evolving,
  title={Evolving behaviour trees for the mario ai competition using grammatical evolution},
  author={Perez, Diego and Nicolau, Miguel and Oâ€™Neill, Michael and Brabazon, Anthony},
  booktitle={European Conference on the Applications of Evolutionary Computation},
  pages={123--132},
  year={2011},
  organization={Springer}
}

@inproceedings{lucas2005evolving,
  title={Evolving a Neural Network Location Evaluator to Play Ms. Pac-Man.},
  author={Lucas, Simon M and others},
  booktitle={CIG},
  year={2005},
  organization={Citeseer}
}

@inproceedings{togelius2009super,
  title={Super mario evolution},
  author={Togelius, Julian and Karakovskiy, Sergey and Koutn{\'\i}k, Jan and Schmidhuber, Jurgen},
  booktitle={2009 ieee symposium on computational intelligence and games},
  pages={156--161},
  year={2009},
  organization={IEEE}
}

@article{togelius2007computational,
  title={Computational intelligence in racing games},
  author={Togelius, Julian and Lucas, Simon M and Nardi, Renzo De},
  journal={Advanced Intelligent Paradigms in Computer Games},
  pages={39--69},
  year={2007},
  publisher={Springer}
}

@incollection{blendx,
  title={Real-coded genetic algorithms and interval-schemata},
  author={Eshelman, Larry J and Schaffer, J David},
  booktitle={Foundations of genetic algorithms},
  volume={2},
  pages={187--202},
  year={1993},
  publisher={Elsevier}
}
